@article{chambolle2012nonlocal,
  title={A nonlocal mean curvature flow and its semi-implicit time-discrete approximation},
  author={Chambolle, Antonin and Morini, Massimiliano and Ponsiglione, Marcello},
  journal={SIAM Journal on Mathematical Analysis},
  volume={44},
  number={6},
  pages={4048--4077},
  year={2012},
  publisher={SIAM}
}

@article{cazals2011computing,
  title={Computing the volume of a union of balls: a certified algorithm},
  author={Cazals, Frederic and Kanhere, Harshad and Loriot, Sebastien},
  journal={ACM Transactions on Mathematical Software (TOMS)},
  volume={38},
  number={1},
  pages={3},
  year={2011},
  publisher={ACM}
}

